@ARTICLE{1997ApJ...480...22T,
   author = {{Tegmark}, M. and {Taylor}, A.~N. and {Heavens}, A.~F.},
    title = "{Karhunen-Lo{\`e}ve Eigenvalue Problems in Cosmology: How Should We Tackle Large Data Sets?}",
  journal = {\apj},
   eprint = {astro-ph/9603021},
 keywords = {Cosmology: Cosmic Microwave Background, Cosmology: Theory, Cosmology: Large-Scale Structure of Universe, Methods: Data Analysis, Methods: Statistical},
     year = 1997,
    month = may,
   volume = 480,
    pages = {22-35},
      doi = {10.1086/303939},
   adsurl = {http://adsabs.harvard.edu/abs/1997ApJ...480...22T},
  adsnote = {Provided by the SAO/NASA Astrophysics Data System}
}

